<?xml version="1.0" encoding="UTF-8"?><record xmlns="http://www.loc.gov/MARC21/slim" xmlns:cinclude="http://apache.org/cocoon/include/1.0" xmlns:zs="http://www.loc.gov/zing/srw/">
  <leader>00501cz  a2200133n  4500</leader>
  <controlfield tag="001">n  86842976 </controlfield>
  <controlfield tag="003">DLC</controlfield>
  <controlfield tag="005">19970626163948.1</controlfield>
  <controlfield tag="008">860728n| acannaab|          |n aaa |||  </controlfield>
  <datafield tag="010" ind1=" " ind2=" ">
    <subfield code="a">n  86842976 </subfield>
  </datafield>
  <datafield tag="040" ind1=" " ind2=" ">
    <subfield code="a">DLC</subfield>
    <subfield code="c">DLC</subfield>
    <subfield code="d">DLC</subfield>
  </datafield>
  <datafield tag="100" ind1="1" ind2="0">
    <subfield code="a">Lecke, Bodo</subfield>
  </datafield>
  <datafield tag="670" ind1=" " ind2=" ">
    <subfield code="a">nuc86-69697: His Literatur der deutschen Klassik, 1981</subfield>
    <subfield code="b">(hdg. on PPiU rept.: Lecke, Bodo; usage: Bodo Lecke)</subfield>
  </datafield>
  <datafield tag="670" ind1=" " ind2=" ">
    <subfield code="a">Literaturstudium und Deutschunterricht auf neuen Wegen, c1996:</subfield>
    <subfield code="b">t.p. (Bodo Lecke) p. 9 (Prof. Dr., b. 1939 in Braunschweig)</subfield>
  </datafield>
</record>